@book{地质学基础,
    title={地质学基础（第四版）},
    author={宋青春 and 邱维理 and 张振春},
    year={2005},
    pages={108},
    publisher={高等教育出版社},
}
@article{参数估计,
  title={Estimation of the transmission risk of the 2019-nCoV and its implication for public health interventions},
  author={Tang, Biao and Wang, Xia and Li, Qian and Bragazzi, Nicola Luigi and Tang, Sanyi and Xiao, Yanni and Wu, Jianhong},
  journal={Journal of clinical medicine},
  volume={9},
  number={2},
  pages={462},
  year={2020},
  publisher={Multidisciplinary Digital Publishing Institute}
}